@article{Feng:2023:WND,
  author = {Feng, Nicole and Gillespie, Mark and Crane, Keenan},
  title = {Winding Numbers on Discrete Surfaces},
  journal = {ACM Trans. Graph.},
  volume = {XX},
  number = {X},
  year = {2023},
  publisher = {ACM},
  address = {New York, NY, USA},
}

@article{Liu:2023:SSI,
  author = {Liu, Derek and Gillespie, Mark and Chislett, Benjamin and Sharp, Nicholas and Jacobson, Alec and Crane, Keenan},
  title = {Surface Simplification using Intrinsic Error Metrics},
  journal = {ACM Trans. Graph.},
  volume = {XX},
  number = {X},
  year = {2023},
  publisher = {ACM},
  address = {New York, NY, USA},
}

@article{Gillespie:2021:ICI,
  author = {Gillespie, Mark and Sharp, Nicholas and Crane, Keenan},
  title = {Integer Coordinates for Intrinsic Geometry Processing},
  journal = {ACM Trans. Graph.},
  volume = {40},
  number = {6},
  year = {2021},
  publisher = {ACM},
  address = {New York, NY, USA},
}

@article{Sharp:2021:GPI,
  author = {Sharp, Nicholas and Gillespie, Mark and Crane, Keenan},
  title = {Geometry Processing with Intrinsic Triangulations},
  booktitle = {ACM SIGGRAPH 2021 courses},
  series = {SIGGRAPH '21},
  year = {2021},
  publisher = {ACM},
  address = {New York, NY, USA},
}

@article{Gillespie:2021:DCE,
  author = {Gillespie, Mark and Springborn, Boris and Crane, Keenan},
  title = {Discrete Conformal Equivalence of Polyhedral Surfaces},
  journal = {ACM Trans. Graph.},
  volume = {40},
  number = {4},
  year = {2021},
  publisher = {ACM},
  address = {New York, NY, USA},
}
